<record><leader>00000cas a22000007a 4500</leader><controlfield tag="001">21800796</controlfield><controlfield tag="008">900613d19271928gauwr ne      0    0eng d</controlfield><datafield ind1=" " ind2=" " tag="010"><subfield code="a">sn 90052233 </subfield></datafield><datafield ind1=" " ind2=" " tag="040"><subfield code="a">NLG</subfield><subfield code="b">eng</subfield><subfield code="c">NLG</subfield><subfield code="d">GUA</subfield><subfield code="d">OCLCQ</subfield><subfield code="d">OCLCF</subfield><subfield code="d">OCLCO</subfield></datafield><datafield ind1="1" ind2=" " tag="029"><subfield code="a">AU@</subfield><subfield code="b">000041034051</subfield></datafield><datafield ind1=" " ind2=" " tag="042"><subfield code="a">msc</subfield></datafield><datafield ind1=" " ind2=" " tag="043"><subfield code="a">n-us-ga</subfield></datafield><datafield ind1="0" ind2="4" tag="245"><subfield code="a">The Pembroke journal and the Bryan County enterprise.</subfield></datafield><datafield ind1="3" ind2="0" tag="246"><subfield code="a">Pembroke journal</subfield></datafield><datafield ind1=" " ind2=" " tag="260"><subfield code="a">Pembroke, Ga. :</subfield><subfield code="b">Frank O. Miller</subfield></datafield><datafield ind1=" " ind2=" " tag="300"><subfield code="a">v.</subfield></datafield><datafield ind1=" " ind2=" " tag="310"><subfield code="a">Weekly</subfield></datafield><datafield ind1="1" ind2=" " tag="362"><subfield code="a">Began in 1927; ceased in 1928.</subfield></datafield><datafield ind1=" " ind2=" " tag="530"><subfield code="a">Also on microfilm: Athens, Ga. : University of Georgia Libraries.</subfield></datafield><datafield ind1=" " ind2=" " tag="588"><subfield code="a">Description based on: Vol. 32, no. 35 (Sept. 9, 1927).</subfield></datafield><datafield ind1=" " ind2="0" tag="651"><subfield code="a">Pembroke (Ga.)</subfield><subfield code="v">Newspapers.</subfield></datafield><datafield ind1=" " ind2="0" tag="651"><subfield code="a">Bryan County (Ga.)</subfield><subfield code="v">Newspapers.</subfield></datafield><datafield ind1=" " ind2="7" tag="655"><subfield code="a">Newspapers.</subfield><subfield code="2">fast</subfield><subfield code="0">(OCoLC)fst01423814</subfield></datafield><datafield ind1=" " ind2="7" tag="651"><subfield code="a">Georgia</subfield><subfield code="z">Bryan County.</subfield><subfield code="2">fast</subfield><subfield code="0">(OCoLC)fst01215081</subfield></datafield><datafield ind1=" " ind2="7" tag="651"><subfield code="a">Georgia</subfield><subfield code="z">Pembroke.</subfield><subfield code="2">fast</subfield><subfield code="0">(OCoLC)fst01309815</subfield></datafield><datafield ind1=" " ind2=" " tag="752"><subfield code="a">United States</subfield><subfield code="b">Georgia</subfield><subfield code="c">Bryan</subfield><subfield code="d">Pembroke.</subfield></datafield><datafield ind1="0" ind2="0" tag="780"><subfield code="t">Bryan County enterprise</subfield><subfield code="w">(DLC)sn 90052238</subfield><subfield code="w">(OCoLC)21800839</subfield></datafield><datafield ind1="0" ind2="0" tag="785"><subfield code="t">Pembroke journal (Pembroke, Ga. : 1928)</subfield><subfield code="w">(DLC)sn 89053495</subfield><subfield code="w">(OCoLC)20156795</subfield></datafield></record>